@inproceedings{10.1145/2635868.2635913,
author = {Li, Guodong and Andreasen, Esben and Ghosh, Indradeep},
title = {SymJS: Automatic Symbolic Testing of JavaScript Web Applications},
year = {2014},
isbn = {9781450330565},
publisher = {Association for Computing Machinery},
address = {New York, NY, USA},
url = {https://doi.org/10.1145/2635868.2635913},
doi = {10.1145/2635868.2635913},
booktitle = {Proceedings of the 22nd ACM SIGSOFT International Symposium on Foundations of Software Engineering},
pages = {449–459},
numpages = {11},
keywords = {JavaScript, Event Sequence, Taint Analysis, Symbolic Execution, Automatic Software Testing, Web},
location = {Hong Kong, China},
series = {FSE 2014}
}

@inproceedings{10.1145/3155133.3155144,
author = {Nguyen, Duc-Anh and Hung, Pham Ngoc},
title = {A Test Data Generation Method for C/C++ Projects},
year = {2017},
isbn = {9781450353281},
publisher = {Association for Computing Machinery},
address = {New York, NY, USA},
url = {https://doi.org/10.1145/3155133.3155144},
doi = {10.1145/3155133.3155144},
booktitle = {Proceedings of the Eighth International Symposium on Information and Communication Technology},
pages = {431–438},
numpages = {8},
keywords = {Test data generation, SMT-Solver, control flow graph, concolic testing, symbolic execution, C/C++},
location = {Nha Trang City, Viet Nam},
series = {SoICT 2017}
}
  