

@article{Epstein2009,
  author    = {Epstein, Lawrence J. and Kristo, David and Strollo, Patrick J. Jr. and et al.},
  title     = {Clinical guideline for the evaluation, management and long-term care of obstructive sleep apnea in adults},
  journal   = {Journal of Clinical Sleep Medicine: JCSM, Official Publication of the American Academy of Sleep Medicine},
  year      = {2009},
  volume    = {5},
  number    = {3},
  pages     = {263--276}
}

@article{heinzer2018,
  author    = {Heinzer, Raphael and Petitpierre, Nicolas J. and Marti-Soler, Helena and Haba-Rubio, José},
  title     = {Prevalence and characteristics of positional sleep apnea in the HypnoLaus population-based cohort},
  journal   = {Sleep Medicine},
  year      = {2018},
  volume    = {48},
  pages     = {157--162},
  doi       = {10.1016/j.sleep.2018.02.011}
}

@article{sabil2020,
  author    = {Sabil, A. and Blanchard, M. and Trzepizur, W. and Goupil, F. and Meslier, N. and Paris, A. and Pigeanne, T. and Priou, P. and Le Vaillant, M. and Gagnadoux, F. and {Pays de la Loire Sleep Cohort Group}},
  title     = {Positional obstructive sleep apnea within a large multicenter French cohort: prevalence, characteristics, and treatment outcomes},
  journal   = {Journal of Clinical Sleep Medicine},
  year      = {2020},
  volume    = {16},
  number    = {12},
  pages     = {2037--2046},
  doi       = {10.5664/jcsm.8752},
  pmid      = {32804071},
  pmcid     = {PMC7848932}
}


@article{Salari2025,
  author    = {Salari, N and Gholami, A and Jalili, F and Zereshki, E and Heidarian, P and Shohaimi, S and Mohammadi, M},
  title     = {Global Prevalence of Excessive Daytime Sleepiness in Patients with Obstructive Sleep Apnea: A Systematic Review and Meta-Analysis},
  journal   = {Indian Journal of Otolaryngology and Head \& Neck Surgery},
  year      = {2025},
  month     = {Jan},
  volume    = {77},
  number    = {1},
  pages     = {216--223},
  doi       = {10.1007/s12070-024-05146-0},
  pmid      = {40066425},
  pmcid     = {PMC11890383},
  note      = {Epub 2024 Oct 29}
}

@article{nguoimacOSA_VN,
  author    = {Duong-Quy, S. and Dang Thi Mai, K. and Tran Van, N. and others},
  title     = {{Study about the prevalence of the obstructive sleep apnoea syndrome in Vietnam}},
  journal   = {Revue des Maladies Respiratoires},
  year      = {2018},
  volume    = {35},
  number    = {1},
  pages     = {14--24},
  language  = {English},
}

@article{Marin2005,
  author    = {Marin, Jose M. and Carrizo, Santiago J. and Vicente, Eugenio and others},
  title     = {Long-term cardiovascular outcomes in men with obstructive sleep apnoea-hypopnoea with or without treatment with continuous positive airway pressure: an observational study},
  journal   = {Lancet (London, England)},
  volume    = {365},
  number    = {9464},
  pages     = {1046--1053},
  year      = {2005},
}

@article{kushida2005psg,
  author       = {Kushida, C.A. and Littner, M.R. and Morgenthaler, T. and Alessi, C.A. and Bailey, D. and Coleman, J. Jr and Friedman, L. and Hirshkowitz, M. and Kapen, S. and Kramer, M. and Lee-Chiong, T. and Loube, D.L. and Owens, J. and Pancer, J.P. and Wise, M.},
  title        = {Practice parameters for the indications for polysomnography and related procedures: an update for 2005},
  journal      = {Sleep},
  volume       = {28},
  number       = {4},
  pages        = {499--521},
  year         = {2005},
  month        = apr,
  doi          = {10.1093/sleep/28.4.499},
  pmid         = {16171294}
}

@article{flemons1997quality,
  author    = {Flemons, W. W. and Tsai, W.},
  title     = {Quality of life consequences of sleep-disordered breathing},
  journal   = {Journal of Allergy and Clinical Immunology},
  year      = {1997},
  volume    = {99},
  number    = {2},
  pages     = {S750--S756},
  doi       = {10.1016/s0091-6749(97)70123-4},
  pmid      = {9042067}
}
@article{wright1997health,
  author    = {Wright, J. and Johns, R. and Watt, I. and Melville, A. and Sheldon, T.},
  title     = {Health effects of obstructive sleep apnoea and the effectiveness of continuous positive airways pressure: a systematic review of the research evidence},
  journal   = {BMJ},
  year      = {1997},
  volume    = {314},
  number    = {7084},
  pages     = {851--858},
  url       = {http://www.ncbi.nlm.nih.gov/pubmed/9093094}
}
@article{mooe1996sleep,
  author    = {Mooe, T. and Gullsby, S. and Rabben, T. and Eriksson, P.},
  title     = {Sleep-disordered breathing: a novel predictor of atrial fibrillation after coronary artery bypass surgery},
  journal   = {Coronary Artery Disease},
  year      = {1996},
  volume    = {7},
  number    = {6},
  pages     = {475--478},
  month     = {Jun},
  pmid      = {8889364}
}
@article{young1997population,
  author    = {Young, T. and Peppard, P. and Palta, M. and Hla, K. M. and Finn, L. and Morgan, B. and Skatrud, J.},
  title     = {Population based study of sleep disordered breathing as a risk factor for hypertension},
  journal   = {Archives of Internal Medicine},
  year      = {1997},
  volume    = {157},
  pages     = {1746--1752}
}

@article{medical2006polysomnography,
  author    = {{Medical Advisory Secretariat}},
  title     = {Polysomnography in patients with obstructive sleep apnea: an evidence-based analysis},
  journal   = {Ontario Health Technology Assessment Series},
  year      = {2006},
  volume    = {6},
  number    = {13},
  pages     = {1--38},
  pmid      = {23074483},
  pmcid     = {PMC3379160},
  note      = {Epub 2006 Jun 1}
}

@ARTICLE{svmHSt2017,
  author={Lin, Yin-Yan and Wu, Hau-Tieng and Hsu, Chi-An and Huang, Po-Chiun and Huang, Yuan-Hao and Lo, Yu-Lun},
  journal={IEEE Journal of Biomedical and Health Informatics}, 
  title={Sleep Apnea Detection Based on Thoracic and Abdominal Movement Signals of Wearable Piezoelectric Bands}, 
  year={2017},
  volume={21},
  number={6},
  pages={1533-1545},
  keywords={Sleep apnea;Sensors;Physiology;Adaptation models;Feature extraction;Support vector machines;Indexes;Abdominal movement signal;adaptive nonharmonic model;breathing pattern variability;sleep apnea;synchrosqueezing transform;thoracic movement signal},
  doi={10.1109/JBHI.2016.2636778}}

@article{e3hst,
  author       = {Tran, N.T. and Tran, H.N. and Mai, A.T.},
  title        = {A wearable device for at-home obstructive sleep apnea assessment: State-of-the-art and research challenges},
  journal      = {Frontiers in Neurology},
  volume       = {14},
  pages        = {1123227},
  year         = {2023},
  month        = feb,
  doi          = {10.3389/fneur.2023.1123227},
  pmid         = {36824418},
  pmcid        = {PMC9941521}
}

@article{hstSurvey,
author = {Espinosa, Miguel and Ponce, Pedro and Molina, Arturo and Borja, Vicente and Torres, Martha and Rojas, Mario},
year = {2023},
month = {12},
pages = {},
title = {Advancements in Home-Based Devices for Detecting Obstructive Sleep Apnea: A Comprehensive Study},
volume = {23},
journal = {Sensors (Basel, Switzerland)},
doi = {10.3390/s23239512}
}
@article{domingues2024sleep,
  author       = {Domingues, D.M. and Rocha, P.R. and Miachon, A.C.M.V. and others},
  title        = {Sleep prediction using data from oximeter, accelerometer and snoring for portable monitor obstructive sleep apnea diagnosis},
  journal      = {Scientific Reports},
  volume       = {14},
  pages        = {24562},
  year         = {2024},
  doi          = {10.1038/s41598-024-75935-8},
  url          = {https://doi.org/10.1038/s41598-024-75935-8}
}
@article{morillo2010accelerometer,
  author       = {Morillo, D. and Rojas Ojeda, J.L. and Crespo Foix, L.F. and Jiménez, A.},
  title        = {An accelerometer-based device for sleep apnea screening},
  journal      = {IEEE Transactions on Information Technology in Biomedicine},
  volume       = {14},
  number       = {2},
  pages        = {491--499},
  year         = {2010},
  month        = mar,
  doi          = {10.1109/TITB.2009.2027231},
  pmid         = {19643712},
  note         = {Epub 2009 Jul 28}
}
@article{Boiko2023,
author = {Boiko, Andrei and Gaiduk, Maksym and Seepold, Ralf and Martínez Madrid, Natividad},
year = {2023},
month = {12},
pages = {1592-1600},
title = {Accelerometer based system for unobtrusive sleep apnea detection},
volume = {225},
journal = {Procedia Computer Science},
doi = {10.1016/j.procs.2023.10.148}
}

@article{ThaySUCHildren,
author = {Nguyen-Thi-Phuong, Mai and Nguyen-Thi-Thanh, Mai and Nguyen-Thi-Dieu, Thuy and Duong-Quy, S.},
year = {2025},
month = {01},
pages = {},
title = {Prevalence of Obstructive Sleep Apnea in Vietnamese Children with Attention Deficit Hyperactivity Disorder (ADHD)},
volume = {11},
journal = {Pulmonary therapy},
doi = {10.1007/s41030-024-00286-8}
}
@article{ThaySYOSA,
author = {Duong-Quy, S. and Nguyen Huu, Hoang and Hoang-Chau-Bao, Dinh and Tran, Duc-Si and Nguyen-Thi-Hong, Lien and Nguyen-Duy, Thai and Tang-Thi-Thao, Tram and Phan, Chandat and Bui, Khue and Vu, Quan and Nguyen-Ngoc-Phuong, Thu and Nguyen, Vinh and Le-Thi-Minh, Huong and Craig, Timothy},
year = {2022},
month = {12},
pages = {2034},
title = {Personalized Medicine and Obstructive Sleep Apnea},
volume = {12},
journal = {Journal of Personalized Medicine},
doi = {10.3390/jpm12122034}
}

@INPROCEEDINGS{Sleep_Posture_Detection,
  author={Abdulsadig, Rawan S. and Singh, Sukhpreet and Patel, Zaibaa and Rodriguez-Villegas, Esther},
  booktitle={2022 44th Annual International Conference of the IEEE Engineering in Medicine \& Biology Society (EMBC)}, 
  title={Sleep Posture Detection Using an Accelerometer Placed on the Neck}, 
  year={2022},
  volume={},
  number={},
  pages={2430-2433},
  keywords={Accelerometers;Torso;Performance evaluation;Biological system modeling;Wearable computers;Machine learning;Data models},
  doi={10.1109/EMBC48229.2022.9871300}}
@article{Vu2025SleepPosition,
  author    = {Vu, H. D. and Tran, D. N. and Pham, H. H. and Pham, D. D. and Can, K. L. and Dao, T. H. and Tran, D. T.},
  title     = {Human sleep position classification using a lightweight model and acceleration data},
  journal   = {Sleep and Breathing},
  year      = {2025},
  volume    = {29},
  number    = {1},
  pages     = {95},
  doi       = {10.1007/s11325-025-03247-w},
  pmid      = {39928075},
  month     = feb
}

@article{HOANG2025116309,
title = {Metrological evaluation of contactless sleep position recognition using an accelerometric smart bed and machine learning},
journal = {Sensors and Actuators A: Physical},
volume = {385},
pages = {116309},
year = {2025},
issn = {0924-4247},
doi = {https://doi.org/10.1016/j.sna.2025.116309},
url = {https://www.sciencedirect.com/science/article/pii/S0924424725001153},
author = {Minh Long Hoang and Guido Matrella and Paolo Ciampolini},
keywords = {MEMS accelerometer, Machine Learning, Sleep position detection, Healthcare, Classification},
}
@misc{arm_cortex_m_comparison,
  author       = {Arm Ltd.},
  title        = {Arm Cortex-M Processor Comparison Table},
  year         = {2025},
  url          = {https://developer.arm.com/documentation/102787/latest/},
  note         = {Accessed: April 6, 2025}
}

@Article{electronics11162545,
AUTHOR = {Lucan Orășan, Ioan and Seiculescu, Ciprian and Căleanu, Cătălin Daniel},
TITLE = {A Brief Review of Deep Neural Network Implementations for ARM Cortex-M Processor},
JOURNAL = {Electronics},
VOLUME = {11},
YEAR = {2022},
NUMBER = {16},
ARTICLE-NUMBER = {2545},
URL = {https://www.mdpi.com/2079-9292/11/16/2545},
ISSN = {2079-9292},
DOI = {10.3390/electronics11162545}
}
@inproceedings{applicationCortexM4,
author = {Chaturvedi, Pradyumn and Mulla, Mahmadasraf and Patro, Siba},
year = {2018},
month = {12},
pages = {1-6},
title = {Power Electronics Laboratory Education using ARM Cortex M4 32-bit Microcontroller},
doi = {10.1109/PEDES.2018.8707575}
}

@misc{st_lsm6ds3_2017,
  author       = {{STMicroelectronics}},
  title        = {LSM6DS3 iNEMO Inertial Module: Always-on 3D Accelerometer and 3D Gyroscope Datasheet},
  year         = {2017},
  howpublished = {\url{https://content.arduino.cc/assets/st_imu_lsm6ds3_datasheet.pdf}},
  note         = {Accessed: 2025-03-31}
}

@article{reasonOsa,
author = {Osman, Amal and Carter, Sophie and Carberry, Jayne and Eckert, Danny},
year = {2018},
month = {01},
pages = {21-34},
title = {Obstructive sleep apnea: current perspectives},
volume = {10},
journal = {Nature and Science of Sleep},
doi = {10.2147/NSS.S124657}
}

@inproceedings{cambien,
author = {Tran, Duc-Tan and Nguyen, Thuy and Chu Duc, Trinh and Hung, Vu},
year = {2005},
month = {01},
pages = {465-470},
title = {Cảm biến gia tốc MEMS kiểu tụ: So sánh kết quả mô phỏng và thực nghiệm},
journal = {Hội nghị toàn quốc lần thứ 6 về tự động hoá (VICA6)}
}

@article {Unat1391,
author = {Unat, Ö S and Tasbakan, M S and Kacmaz Basoglu, O},
title = {Positional Obstructive Sleep Apnea: A Mild and Male Predominant Phenotype},
volume = {60},
number = {suppl 66},
elocation-id = {1391},
year = {2022},
doi = {10.1183/13993003.congress-2022.1391},
publisher = {European Respiratory Society},
URL = {http://erj.ersjournals.com/content/erj/60/suppl_66/1391},
eprint = {http://erj.ersjournals.com/content/erj/60/suppl_66/1391.full.pdf},
journal = {European Respiratory Journal}}

@article{LANDRY2023101847,
title = {A review of supine position related obstructive sleep apnea: Classification, epidemiology, pathogenesis and treatment},
journal = {Sleep Medicine Reviews},
volume = {72},
pages = {101847},
year = {2023},
issn = {1087-0792},
doi = {https://doi.org/10.1016/j.smrv.2023.101847},
url = {https://www.sciencedirect.com/science/article/pii/S108707922300103X},
author = {Shane A. Landry and Caroline Beatty and Luke D.J. Thomson and Ai-Ming Wong and Bradley A. Edwards and Garun S. Hamilton and Simon A. Joosten},
keywords = {Obstructive sleep apnea, Supine position, Supine related obstructive sleep apnea, Treatment of obstructive sleep apnea, Supine position avoidance},
}

@book{latexcompanion,
    author    = "Michel Goossens and Frank Mittelbach and Alexander Samarin",
    title     = "The \LaTeX\ Companion",
    year      = "1993",
    publisher = "Addison-Wesley",
    address   = "Reading, Massachusetts",
    keywords  = "latex"
}
 
@online{knuthwebsite,
    author    = "Donald Knuth",
    title     = "Knuth: Computers and Typesetting",
    url       = "http://www-cs-faculty.stanford.edu/~uno/abcde.html",
    addendum = "(accessed: 01.09.2016)",
    keywords  = "latex,knuth"
}

@online{ref-javascript,
    title     = "MDN web docs",
    url       = "https://developer.mozilla.org/en-US/docs/Web/JavaScript/About_JavaScript",
    addendum = "(accessed: 06.2020)",
    keywords  = "english",
    year = 2020
}

@online{ref-typescript,
    title     = "TypeScript",
    url       = "https://www.typescriptlang.org/",
    addendum = "(accessed: 06.2020)",
    keywords  = "english",
    year = 2020
}

@online{ref-tiobe,
    title     = "TIOBE",
    url       = "https://www.tiobe.com/tiobe-index/",
    addendum = "(accessed: 06.2020)",
    keywords  = "english",
    year = 2020
}
@online{ref-mocha,
    title     = "Mocha Test Framework",
    url       = "https://mochajs.org/",
    addendum = "(accessed: 06.2020)",
    keywords  = "english",
    year = "2020"
}
@online{ref-jest,
    title     = "JEST",
    url       = "https://jestjs.io/",
    addendum = "(accessed: 06.2020)",
    keywords  = "english",
    year = "2020"
}
@online{ref-jasmine,
    title     = "JASMINE",
    url       = "https://jasmine.github.io/",
    addendum = "(accessed: 06.2020)",
    keywords  = "english",
    year = "2020"
}
@online{ref-dotup,
    title     = "TypeScript Test Generator",
    url       = "https://marketplace.visualstudio.com/items?itemName=dotup.dotup-vscode-test-generator",
    addendum = "(accessed: 06.2020)",
    keywords  = "english",
    year = "2020"
}
@online{ref-jsTestGen,
    title     = "JS Test Gen",
    url       = "https://js-test-gen.github.io/",
    addendum = "(accessed: 06.2020)",
    keywords  = "english",
    year = "2020"
}
@online{ref-factory,
    title     = "Factory",
    url       = "https://www.npmjs.com/package/factory.ts",
    addendum = "(accessed: 06.2020)",
    keywords  = "english",
    year = "2020"
}
@online{ref-faker,
    title     = "FakerJs",
    url       = "https://www.npmjs.com/package/faker",
    addendum = "(accessed: 06.2020)",
    keywords  = "english",
    year = "2020"
}
@online{ref-chance,
    title     = "ChanceJS",
    url       = "https://www.npmjs.com/package/chance",
    addendum = "(accessed: 06.2020)",
    keywords  = "english",
    year = "2020"
}
@online{ref-casual,
    title     = "Casual",
    url       = "https://www.npmjs.com/package/casual",
    addendum = "(accessed: 06.2020)",
    keywords  = "english",
    year = "2020"
}
@online{ref-randexp,
    title     = "RandExp",
    url       = "https://www.npmjs.com/package/randexp",
    addendum = "(accessed: 06.2020)",
    keywords  = "english",
    year = "2020"
}
@online{ref-sonarlint,
    title     = "SonarLint",
    url       = "https://plugins.jetbrains.com/plugin/7973-sonarlint",
    addendum = "(accessed: 06.2020)",
    keywords  = "english",
    year = "2020"
}
@online{ref-tslint,
    title     = "TSLint",
    url       = "https://palantir.github.io/tslint/",
    addendum = "(accessed: 06.2020)",
    keywords  = "english",
    year = "2020"
}
@online{ref-eslint,
    title     = "ESLint",
    url       = "https://eslint.org/",
    addendum = "(accessed: 06.2020)",
    keywords  = "english",
    year = "2020"
}
@online{ref-instanbul,
    title     = "Istanbul",
    url       = "https://istanbul.js.org/",
    addendum = "(accessed: 06.2020)",
    keywords  = "english",
    year = "2020"
}
@inbook{knuth-fa,
   author = "Donald E. Knuth",
   title = "Fundamental Algorithms",
   publisher = "Addison-Wesley",
   year = "1973",
   chapter = "1.2",
   keywords  = "knuth,programming"
}

@book{knuth-acp,
   author = "Donald E. Knuth",
   publisher = "Addison-Wesley",
   title = "The Art of Computer Programming",
   series = "Four volumes",
   year = "1968",
   note = "Seven volumes planned",
   keywords  = "knuth,programming"
}

@article{ctan,
    author  = "George D. Greenwade",
    title   = "The {C}omprehensive {T}ex {A}rchive {N}etwork ({CTAN})",
    year    = "1993",
    journal = "TUGBoat",
    volume  = "14",
    number  = "3",
    pages   = "342--351",
    keywords  = "latex"
}


@article{ref-jstool,
    author  = "Witthaya Luanghirun and Taratip Suwannasart ",
    title   = "Test Cases Generation Tool for JavaScript
Based on Statement Coverage Criteria",
    year    = "2016",
    journal = "Proceedings of the International MultiConference of Engineers and Computer Scientists 2016 Vol I",
    keywords  = "latex,english"
}

@inproceedings{ref-symjs,
author = {Li, Guodong and Andreasen, Esben and Ghosh, Indradeep},
year = {2014},
title = {SymJS: Automatic Symbolic Testing of JavaScript Web Applications},
isbn = {9781450330565},
publisher = {Association for Computing Machinery},
address = {New York, NY, USA},
% url = {https://doi.org/10.1145/2635868.2635913},
% doi = {10.1145/2635868.2635913},
booktitle = {Proceedings of the 22nd ACM SIGSOFT International Symposium on Foundations of Software Engineering},
pages = {449–459},
numpages = {11},
keywords = {JavaScript, Event Sequence, Taint Analysis, Symbolic Execution, Automatic Software Testing, Web,english},
location = {Hong Kong, China},
series = {FSE 2014}
}

@inproceedings{ref-cft4cunit,
author = {Nguyen, Duc-Anh and Hung, Pham Ngoc},
year = {2017},
title = {A Test Data Generation Method for C/C++ Projects},
isbn = {9781450353281},
publisher = {Association for Computing Machinery},
address = {New York, NY, USA},
% url = {https://doi.org/10.1145/3155133.3155144},
% doi = {10.1145/3155133.3155144},
booktitle = {Proceedings of the Eighth International Symposium on Information and Communication Technology},
pages = {431–438},
numpages = {8},
keywords = {Test data generation, SMT-Solver, control flow graph, concolic testing, symbolic execution, C/C++, english},
location = {Nha Trang City, Viet Nam},
series = {SoICT 2017}
}

@book{unit-testing,
    author    = "Adam D.",
    title     = "The hitchhiker's guide to the Galaxy",
    year      = "1995",
    % publisher = "Addison-Wesley",
    address   = "San Val",
    keywords  = "english"
}

@book{Lee03,
    author    = "Copeland Lee",
    title     = "A practitioner's guide to software test design",
    year      = "2003",
    publisher = "Artech House, Inc.",
    address   = "Norwood, MA, USA",
    keywords  = "english"
}

@book{whitebox-testing,
    author    = "Phạm Ngọc Hùng and Trương Anh Hoàng and Đặng Văn Hưng",
    title     = "Giáo trình kiểm thử phần mềm",
    publisher = "Nhà xuất bản Đại học Quốc gia Hà Nội",
    year      = "2014"
}

@book{ref-constraints,
    author    = "Edward Tsang",
    title     = "Foundations of Constraint Satisfaction: The Classic Text",
    year      = "13 May 2014",
    keywords  = "english",
     publisher = "BoD – Books on Demand",
     isbn="9783735723666",
     
}

% @book{ref-branch-coverage,
%     author    = "Karl J. Ottenstein",
%     title     = "An algorithmic approach to the detection and prevention of plagiarism",
%     year      = "2003",
%     publisher = "Artech House, Inc.",
%     address   = "Norwood, MA, USA",
%     keywords  = "english"
% }

@article{ref-branch-coverage,
  author =       "Karl J. Ottenstein",
  title =        "An algorithmic approach to the detection and prevention of plagiarism",
  journal =      "ACM SIGSCE Bulletin",
  volume =       "322",
  number =       "10",
  pages =        "30–41",
  year =         "1976",
  keywords =     "english",
}


% \bibitem{Lee03}
% Copeland Lee, \textit{A practitioner's guide to software test design}, Artech House, Inc., Norwood, MA, USA, 2003
% \bibitem{ref-branch-coverage}
% Karl J. Ottenstein. An algorithmic approach to the detection and prevention of plagiarism. \textit{ACM SIGSCE
% Bulletin}, 8(4):30–41, 1976.

% @techreport{iso_statement_coverage,
% address = {Geneva, CH},
% type = {Standard},
% title = {Systems and software engineering — Vocabulary},
% shorttitle = {{ISO}/{IEC} {IEEE} 24765:2017},
% % url = {https://www.iso.org/standard/62711.html},
% url = {https://www.iso.org/obp/ui/fr/#iso:std:iso:26262:-1:ed-2:v1:en},
% language = {en},
% number = {ISO/IEC/IEEE 24765:2017:3.3965},
% institution = {International Organization for Standardization},
% author = {{ISO Central Secretary}},
% year = {2017},
% keywords = "english"
% }

% @techreport{iso_branch_coverage,
% address = {Geneva, CH},
% type = {Standard},
% title = {Road vehicles — Functional safety — Part 1: Vocabulary},
% shorttitle = {ISO 26262-1:2018},
% % url = {https://www.iso.org/standard/62711.html},
% url = {https://www.iso.org/obp/ui/fr/#iso:std:iso:26262:-1:ed-2:v1:en},
% language = {en},
% number = {ISO 26262-1:2018:3.13},
% institution = {International Organization for Standardization},
% author = {{ISO Central Secretary}},
% year = {2018},
% keywords = "english"
% }

% @techreport{iso_mcdc_coverage,
% address = {Geneva, CH},
% type = {Standard},
% title = {Road vehicles — Functional safety — Part 1: Vocabulary},
% shorttitle = {ISO 26262-1:2018},
% % url = {https://www.iso.org/standard/62711.html},
% url = {https://www.iso.org/obp/ui/fr/#iso:std:iso:26262:-1:ed-2:v1:en},
% language = {en},
% number = {ISO 26262-1:2018:3.92},
% institution = {International Organization for Standardization},
% author = {{ISO Central Secretary}},
% year = {2018},
% keywords = "english"
% }

@techreport{iso_coverage,
address = {Geneva, CH},
type = {Standard},
title = {Road vehicles — Functional safety — Part 1: Vocabulary},
shorttitle = {ISO 26262-1:2018},
% url = {https://www.iso.org/standard/62711.html},
url = {https://www.iso.org/obp/ui/fr/#iso:std:iso:26262:-1:ed-2:v1:en},
language = {en},
number = {ISO 26262-1:2018},
institution = {International Organization for Standardization},
author = {{ISO Central Secretary}},
year = {2018},
keywords = "english"
}

@inproceedings{z3_str_paper,
author = {Zheng, Yunhui and Zhang, Xiangyu and Ganesh, Vijay},
title = {Z3-Str: A Z3-Based String Solver for Web Application Analysis},
year = {2013},
isbn = {9781450322379},
publisher = {Association for Computing Machinery},
address = {New York, NY, USA},
url = {https://doi.org/10.1145/2491411.2491456},
doi = {10.1145/2491411.2491456},
booktitle = {Proceedings of the 2013 9th Joint Meeting on Foundations of Software Engineering},
pages = {114–124},
numpages = {11},
keywords = {String Constraint Solver, String Analysis, Web Application,english},
location = {Saint Petersburg, Russia},
series = {ESEC/FSE 2013}
}




@book{coverage_criteria,
author = {Ammann, Paul and Offutt, Jeff},
title = {Introduction to Software Testing},
year = {2008},
isbn = {0521880386},
publisher = {Cambridge University Press},
address = {USA},
edition = {1}
}

@book{clean_coder,
author = {Martin, Robert C.},
title = {The Clean Coder: A Code of Conduct for Professional Programmers},
year = {2011},
isbn = {0137081073},
publisher = {Prentice Hall Press},
address = {USA},
edition = {1st}
}

@proceedings{js_based_statement_coverage,
  editor =       {Witthaya Luanghirun and Taratip Suwannasart},
  title =        "Test Cases Generation Tool for JavaScript
Based on Statement Coverage Criteria",
  booktitle =    "Test Cases Generation Tool for JavaScript
Based on Statement Coverage Criteria",
  publisher =    {Proceedings of the International MultiConference of Engineers and Computer Scientists},
  venue =        {Hong Kong},
  month =        March,
  year =         {2016},
  isbn =         {978-988-19253-8-1}
}

@article{10.1145/2076021.2048145,
author = {Sridharan, Manu and Artzi, Shay and Pistoia, Marco and Guarnieri, Salvatore and Tripp, Omer and Berg, Ryan},
title = {F4F: Taint Analysis of Framework-Based Web Applications},
year = {2011},
issue_date = {October 2011},
address = {New York, NY, USA},
volume = {46},
number = {10},
issn = {0362-1340},
url = {https://doi.org/10.1145/2076021.2048145},
doi = {10.1145/2076021.2048145},
journal = {SIGPLAN Not.},
month = oct,
pages = {1053–1068},
numpages = {16},
keywords = {frameworks, security, taint analysis}
}

@inproceedings{taint_analysis_1,
author = {Sridharan, Manu and Artzi, Shay and Pistoia, Marco and Guarnieri, Salvatore and Tripp, Omer and Berg, Ryan},
title = {F4F: Taint Analysis of Framework-Based Web Applications},
year = {2011},
isbn = {9781450309400},
address = {NY, USA},
url = {https://doi.org/10.1145/2048066.2048145},
doi = {10.1145/2048066.2048145},
pages = {1053–1068},
numpages = {16},
keywords = {security, frameworks, taint analysis},
location = {Portland, Oregon, USA},
series = {OOPSLA '11}
}

@inproceedings{taint_analysis_2,
author = {Tripp, Omer and Pistoia, Marco and Fink, Stephen J. and Sridharan, Manu and Weisman, Omri},
title = {TAJ: Effective Taint Analysis of Web Applications},
year = {2009},
issue_date = {June 2009},
address = {New York, NY, USA},
volume = {44},
number = {6},
issn = {0362-1340},
url = {https://doi.org/10.1145/1543135.1542486},
doi = {10.1145/1543135.1542486},
journal = {SIGPLAN Not.},
month = jun,
pages = {87–97},
numpages = {11},
keywords = {taint analysis, web application, java, program analysis, security, slicing, static analysis}
}

@inproceedings{symjs,
author = {Li, Guodong and Andreasen, Esben and Ghosh, Indradeep},
title = {SymJS: Automatic Symbolic Testing of JavaScript Web Applications},
year = {2014},
isbn = {9781450330565},
address = {New York, NY, USA},
url = {https://doi.org/10.1145/2635868.2635913},
doi = {10.1145/2635868.2635913},
pages = {449–459},
numpages = {11},
keywords = {Web, Automatic Software Testing, Taint Analysis, Event Sequence, JavaScript, Symbolic Execution},
location = {Hong Kong, China},
series = {FSE 2014}
}

@inproceedings{artermis,
author = {Artzi, Shay and Dolby, Julian and Jensen, Simon and Møller, Anders and Tip, Frank},
year = {2011},
month = {01},
pages = {571-580},
title = {A framework for automated testing of JavaScript web applications},
journal = {Proceedings - International Conference on Software Engineering},
doi = {10.1145/1985793.1985871}
}

@INPROCEEDINGS{jseft,
  author={Mirshokraie, Shabnam and Mesbah, Ali and Pattabiraman, Karthik},
  booktitle={2015 IEEE 8th International Conference on Software Testing, Verification and Validation (ICST)}, 
  title={JSEFT: Automated Javascript Unit Test Generation}, 
  year={2015},
  volume={},
  number={},
  pages={1-10},
  doi={10.1109/ICST.2015.7102595}}
  
  @INPROCEEDINGS{feedback_directed_random_testing,
  author={Pacheco, Carlos and Lahiri, Shuvendu K. and Ernst, Michael D. and Ball, Thomas},
  booktitle={29th International Conference on Software Engineering (ICSE'07)}, 
  title={Feedback-Directed Random Test Generation}, 
  year={2007},
  volume={},
  number={},
  pages={75-84},
  doi={10.1109/ICSE.2007.37}}
  
  
@article{evomaster,
author = {Arcuri, Andrea},
title = {RESTful API Automated Test Case Generation with EvoMaster},
year = {2019},
issue_date = {February 2019},
publisher = {Association for Computing Machinery},
address = {New York, NY, USA},
volume = {28},
number = {1},
issn = {1049-331X},
url = {https://doi.org/10.1145/3293455},
doi = {10.1145/3293455},
journal = {ACM Trans. Softw. Eng. Methodol.},
month = jan,
articleno = {3},
numpages = {37},
keywords = {Software engineering, REST, web service, testing}
}

@inproceedings{composite_pattern,
author = {Riehle, Dirk},
title = {Composite Design Patterns},
year = {1997},
isbn = {0897919084},
publisher = {Association for Computing Machinery},
address = {New York, NY, USA},
url = {https://doi.org/10.1145/263698.263739},
doi = {10.1145/263698.263739},
pages = {218–228},
numpages = {11},
location = {Atlanta, Georgia, USA},
series = {OOPSLA '97}
}

@ONLINE{factory,
author = {William Pleasant-Ryan},
title = {Factory.ts},
month = July,
year = {2021},
note = {Available at \url{https://www.npmjs.com/package/factory.ts}}
}

@ONLINE{tiobe,
title = {https://tiobe.com/tiobe-index/},
month = July,
year = {2021},
note = {Available at \url{https://tiobe.com/tiobe-index/}}
}

@ONLINE{mitani,
title = {Mitani Sangyo Co., LTD},
note = {Available at \url{https://www.mitani.co.jp/EN}}
}

@article{cfg_reference,
author = {Gold, Robert},
year = {2010},
month = {12},
pages = {739-749},
title = {Control flow graphs and code coverage},
volume = {20},
journal = {Applied Mathematics and Computer Science},
doi = {10.2478/v10006-010-0056-9}
}

@ONLINE{typescript,
author = {Microsoft},
title = {TypeScript Language Specification},
month = February,
year = {2015},
note = {Available at \url{https://github.com/Microsoft/TypeScript/blob/master/
doc/spec.md.}}
}

@inproceedings{random_disadvantage,
author = {Offutt, A. Jefferson and Hayes, J. Huffman},
title = {A Semantic Model of Program Faults},
year = {1996},
isbn = {0897917871},
publisher = {Association for Computing Machinery},
address = {New York, NY, USA},
url = {https://doi.org/10.1145/229000.226317},
doi = {10.1145/229000.226317},
pages = {195–200},
numpages = {6},
location = {San Diego, California, USA},
series = {ISSTA '96}
}

@article{symbolic_execution_paper,
author = {Cadar, Cristian and Sen, Koushik},
title = {Symbolic Execution for Software Testing: Three Decades Later},
year = {2013},
issue_date = {February 2013},
publisher = {Association for Computing Machinery},
address = {New York, NY, USA},
volume = {56},
number = {2},
issn = {0001-0782},
url = {https://doi.org/10.1145/2408776.2408795},
doi = {10.1145/2408776.2408795},
abstract = {The challenges---and great promise---of modern symbolic execution techniques, and the tools to help implement them.},
journal = {Commun. ACM},
pages = {82–90},
numpages = {9}
}

@book{the_art_software_testing,
author = {Myers, Glenford J. and Sandler, Corey and Badgett, Tom},
title = {The Art of Software Testing},
year = {2011},
isbn = {1118031962},
publisher = {Wiley Publishing},
edition = {3rd}
}

@ONLINE{fakerjs,
author = {Marak},
title = {FakerJS},
month = July,
year = {2021},
note = {Available at \url{https://github.com/marak/Faker.js/}}
}

@ONLINE{chancejs,
author = {Victor Quinn},
title = {Chance},
month = July,
year = {2021},
note = {Available at \url{https://chancejs.com/}}
}

@ONLINE{nestjs,
title = {NestJS},
month = July,
year = {2022},
note = {Available at \url{https://nestjs.com/}}
}


@ONLINE{jest,
title = {Jest},
note = {Available at \url{https://jestjs.io/}}
}

@inproceedings{10.5555/1855741.1855756,
author = {Cadar, Cristian and Dunbar, Daniel and Engler, Dawson},
title = {KLEE: Unassisted and Automatic Generation of High-Coverage Tests for Complex Systems Programs},
year = {2008},
publisher = {USENIX Association},
address = {USA},
pages = {209–224},
numpages = {16},
location = {San Diego, California},
series = {OSDI'08}
}

@article{10.1145/1064978.1065036,
author = {Godefroid, Patrice and Klarlund, Nils and Sen, Koushik},
title = {DART: Directed Automated Random Testing},
year = {2005},
issue_date = {June 2005},
publisher = {Association for Computing Machinery},
address = {New York, NY, USA},
volume = {40},
number = {6},
issn = {0362-1340},
url = {https://doi.org/10.1145/1064978.1065036},
doi = {10.1145/1064978.1065036},
journal = {SIGPLAN Not.},
month = jun,
pages = {213–223},
numpages = {11},
keywords = {automated test generation, program verification, random testing, interfaces, software testing}
}

@article{10.1145/1455518.1455522,
author = {Cadar, Cristian and Ganesh, Vijay and Pawlowski, Peter M. and Dill, David L. and Engler, Dawson R.},
title = {EXE: Automatically Generating Inputs of Death},
year = {2008},
issue_date = {December 2008},
publisher = {Association for Computing Machinery},
address = {New York, NY, USA},
volume = {12},
number = {2},
issn = {1094-9224},
url = {https://doi.org/10.1145/1455518.1455522},
doi = {10.1145/1455518.1455522},
journal = {ACM Trans. Inf. Syst. Secur.},
month = dec,
articleno = {10},
numpages = {38},
keywords = {attack generation, test case generation, bug finding, dynamic analysis, constraint solving, symbolic execution}
}
@INPROCEEDINGS{6075160,
  author={Sabharwal, Sangeeta and Sibal, Ritu and Sharma, Chayanika},
  booktitle={2011 2nd International Conference on Computer and Communication Technology (ICCCT-2011)}, 
  title={A genetic algorithm based approach for prioritization of test case scenarios in static testing}, 
  year={2011},
  volume={},
  number={},
  pages={304-309},
  doi={10.1109/ICCCT.2011.6075160}}
  
@INPROCEEDINGS{9287629,
  author={Huong, Tran Nguyen and Kha, Do Minh and Tran, Hoang-Viet and Hung, Pham Ngoc},
  booktitle={KSE}, 
  title={Generate Test Data from C/C++ Source Code using Weighted CFG and Boundary Values}, 
  year={2020},
  volume={},
  number={},
  pages={97-102},
  doi={10.1109/KSE50997.2020.9287629}}
  
 @inbook{web_testing_1,
author = {Canfora, Gerardo and Di Penta, Massimiliano},
year = {2009},
month = {01},
pages = {78-105},
title = {Service-Oriented Architectures Testing: A Survey},
isbn = {978-3-540-95887-1},
journal = {Lecture Notes in Computer Science - LNCS},
doi = {10.1007/978-3-540-95888-8_4}
}

@article{web_testing_2,
author = {Bozkurt, Mustafa and Harman, Mark and Hassoun, Youssef},
year = {2013},
month = {06},
pages = {},
title = {Testing \& Verification In Service-Oriented Architecture: A Survey},
volume = {23},
journal = {Software Testing, Verification and Reliability},
doi = {10.1002/stvr.1470}
}

@book{coverage_criteria,
author = {Ammann, Paul and Offutt, Jeff},
title = {Introduction to Software Testing},
year = {2008},
isbn = {0521880386},
publisher = {Cambridge University Press},
address = {USA},
edition = {1}
}

@article{crawljax,
author = {Mesbah, Ali and Deursen, Arie and Roest, Danny},
year = {2012},
month = {01},
pages = {1 - 1},
title = {Invariant-Based Automatic Testing of Modern Web Applications},
volume = {38},
journal = {Software Engineering, IEEE Transactions on},
doi = {10.1109/TSE.2011.28}
}

% @book{black_box_testing,
%     author    = " Phạm Ngọc Hùng and Trương Anh Hoàng and Đặng Văn Hưng",
%     title     = "Giáo trình kiểm thử phần mềm",
%     year      = "2018",
%     keywords  = "vietnamese"
% }

@phdthesis{rest,
author = {Fielding, Roy Thomas and Taylor, Richard N.},
title = {Architectural Styles and the Design of Network-Based Software Architectures},
year = {2000},
isbn = {0599871180},
publisher = {University of California, Irvine},
note = {AAI9980887}
}

@article{mypaper,
  author={Thu, Doan Thi Hoai and Nguyen, Duc-Anh and Hung, Pham Ngoc},
  booktitle={2021 13th International Conference on Knowledge and Systems Engineering (KSE)}, 
  title={Automated Test Data Generation for Typescript Web Applications}, 
  year={2021},
  volume={},
  number={},
  pages={1-6},
  doi={10.1109/KSE53942.2021.9648782}}
  
@article{http,
author = {Fielding, Group and Mogul, Jeffrey and Nielsen, Henrik and Masinter, Larry and Leach, Paul},
year = {2000},
month = {03},
pages = {},
title = {Hypertext Transfer Protocol -- HTTP/1.1},
journal = {Internet RFCs}
}

@article{tcp_ref,
author = {Cerf, Vinton and Dalal, Y. and Sunshine, C.},
year = {1974},
month = {01},
pages = {},
title = {Specification of Internet Transmission Control Program}
}

@article{json_spec_ref,
author = {Internet Engineering Task Force (IETF)},
year = {2018},
title = {The JavaScript Object Notation (JSON) Data Interchange Format},
url = {https://tools.ietf.org/html/rfc7159}
}
% @article{json_spec_ref,
% title = {The JavaScript Object Notation (JSON) Data Interchange Format},
% year = 2018,
% author =  Internet Engineering Task Force (IETF),
% note = {https://tools.ietf.org/html/rfc7159}
% }

@ARTICLE{white_box_testing_2,
  author={},
  journal={IEEE Std 610.12-1990}, 
  title={IEEE Standard Glossary of Software Engineering Terminology}, 
  year={1990},
  volume={},
  number={},
  pages={1-84},
  doi={10.1109/IEEESTD.1990.101064}}
  
@book{black_box_testing,
author = {Beizer, Boris},
title = {Black-Box Testing: Techniques for Functional Testing of Software and Systems},
year = {1995},
isbn = {0471120944},
publisher = {John Wiley and Sons, Inc.},
address = {USA}
}

@book{software_testing,
author = {Beizer, Boris},
title = {Software Testing Techniques (2nd Ed.)},
year = {1990},
isbn = {0442206720},
publisher = {Van Nostrand Reinhold Co.},
address = {USA}
}

@InProceedings{understand_typescript,
author="Bierman, Gavin
and Abadi, Mart{\'i}n
and Torgersen, Mads",
editor="Jones, Richard",
title="Understanding TypeScript",
booktitle="ECOOP 2014 -- Object-Oriented Programming",
year="2014",
publisher="Springer Berlin Heidelberg",
address="Berlin, Heidelberg",
pages="257--281"
}

@book{CFG_definition,
author = {Aho, Alfred V. and Lam, Monica S. and Sethi, Ravi and Ullman, Jeffrey D.},
title = {Compilers: Principles, Techniques, and Tools (2nd Edition)},
year = {2006},
isbn = {0321486811},
publisher = {Addison-Wesley Longman Publishing Co., Inc.},
address = {USA}
}

@ONLINE{drive_osa,
title = {Can I drive if I have OSA?},
month = November,
year = {2021},
note = {Available at \url{https://www.blf.org.uk/support-for-you/obstructive-sleep-apnoea-osa/driving}}
}
@ONLINE{sumarry_osa,
title = {Ngưng thở khi ngủ do tắc nghẽn (OSA)},
month = November,
year = {2022},
note = {Available at \url{https://www.msdmanuals.com/vi-vn}}
}
@ARTICLE{osa_bike,
  author={Tregear S, Reston J, Schoelles K and Phillips B},
  journal={J Clin Sleep Med}, 
  title={Obstructive sleep apnea and risk of motor vehicle crash: systematic review and meta-analysis}, 
  year={2009},
  volume={},
  number={},
  doi={}}

@ONLINE{bsThyKhue,
title = {PGS.TS.BS Nguyễn Thy Khuê, Chủ tịch Liên chi Hội Đái tháo đường – Nội tiết TPHCM},
month = November,
year = {2022},
note = {Available at \url{https://alobacsigioi.vn/pgs-ts-bs-nguyen-thy-khue-chu-tich-lien-chi-hoi-dai-thao-duong-noi-tiet-tphcm/}}
}
@ARTICLE{psg_paper,
  author={Markun, L.C., Sampa},
  journal={Curr Sleep Medicine}, 
  title={Clinician-Focused Overview and Developments in Polysomnography}, 
  year={2020},
  volume={},
  number={},
  doi={https://doi.org/10.1007/s40675-020-00197-5}}

@ARTICLE{hst_paper,
  author={Naresh M.Punjabi, R.Nisha Aurora, and Susheel P. Patil},
  journal={Chest}, 
  title={Home Sleep Testing for Obstructive Sleep Apnea}, 
  year={2013},
  volume={},
  number={},
  doi={10.1378/chest.12-2699}}
@ARTICLE{hst_6p_paper,
  author={Collop NA and colleagues},
  journal={J Clin Sleep Med}, 
  title={Obstructive sleep apnea devices for out-of-center (OOC) testing: technology evaluation}, 
  year={2011},
  volume={},
  number={},
  doi={10.5664/JCSM.1328}}

@ARTICLE{thuong_wear_paper,
  author={TUAN, Vu Minh; THUONG, Le Tien},
  journal={Issue on Information and Communications Technology}, 
  title={Accelerometer-Based Model Acquiring Data on Sleep Apnea Symptoms}, 
  year={2021},
  volume={},
  number={},
  doi={https://doi.org/10.31130/ict-ud.2021.130.}}

@ARTICLE{hst_wear_paper,
  author={Yuzer, Ahmet \& Sumbul},
  journal={J Clin Sleep Med}, 
  title={A Novel Wearable Real-Time Sleep Apnea Detection System Based on the Acceleration Sensor}, 
  year={2019},
  volume={},
  number={},
  doi={}}

@ARTICLE{hst_pressure_paper,
  author={Nam Y, Kim Y, Lee J},
  journal={Sensors (Basel)}, 
  title={Sleep Monitoring Based on a Tri-Axial Accelerometer and a Pressure Sensor}, 
  year={2016},
  volume={},
  number={},
  doi={10.3390/s16050750}}

@ARTICLE{osa_summary,
  author={Amal M Osman, Sophie G Carter, Jayne C Carberry \& Danny J Eckert},
  journal={Nature and Science of Sleep}, 
  title={Obstructive sleep apnea: current perspectives}, 
  year={2016},
  volume={},
  number={},
  doi={10.2147/NSS.S124657}}

@ARTICLE{reason_osa,
  author={Osman AM, Carter SG, Carberry JC \& Eckert DJ},
  journal={Nat Sci Sleep}, 
  title={Obstructive sleep apnea: current perspectives}, 
  year={2018},
  volume={},
  number={},
  doi={10.2147/NSS.S124657}}

@ARTICLE{diagnosis_osa,
  author={Goyal M, Johnson J},
  journal={Mo Med}, 
  title={Obstructive Sleep Apnea Diagnosis and Management}, 
  year={2017 },
  volume={},
  number={},
  doi={}}

@ONLINE{hst_review,
title = {Home Sleep Test (HST) Devices Comparison Guide},
month = Nov,
year = {2022},
note = {Available at \url{https://sleepreviewmag.com/sleep-diagnostics/home-testing/home-apnea-testing/hst-devices-guide/}
}}

@ARTICLE{Akbarian_osa,
  author={S. Akbarian, G. Delfi và cộng sự},
  journal={ISRN Otolaryngol}, 
  title={Automated Non-Contact Detection of Head and Body Positions During Sleep}, 
  year={2013},
  volume={},
  number={},
  doi={10.1155/2013/670381}}

@ARTICLE{Channa_osa,
  author={A. Channa, M. Yousuf and N. Popescu},
  journal={IEEE Access}, 
  title={Machine Learning Algorithms for Posture Identification of Obstructive Sleep Apnea Patients using IoT Solutions}, 
  year={2019},
  volume={},
  number={},
  doi={10.1109/ACCESS.2019.2920025}}

@ARTICLE{Jeng_osa,
  author={Jeng. P.-Y., Wang. L.-C., Hu. C.-J.\& Wu. D. A },
  journal={Sensors}, 
  title={A Wrist Sensor Sleep Posture Monitoring System: An Automatic Labeling Approach}, 
  year={2021},
  volume={},
  number={},
  doi={/10.3390/s21010258}}

@ARTICLE{Zhang_osa,
  author={Zhang, Z.; Yang, G},
  journal={IEEE International Conference}, 
  title={Monitoring cardio-respiratory and posture movements during sleep: What can be achieved by a single motion sensor}, 
  year={2015},
  volume={},
  number={},
  doi={}}

@ARTICLE{Ferrer_osa,
  author={Ferrer-Lluis I, Castillo-Escario Y, Montserrat JM \& Jané R},
  journal={Sensors}, 
  title={SleepPos App: An Automated Smartphone Application for Angle Based High Resolution Sleep Position Monitoring and Treatment}, 
  year={2021},
  volume={},
  number={},
  doi={10.3390/s21134531}}

@ARTICLE{Natale_osa,
  author={Natale, Vincenzo và cộng sự},
  journal={Sleep and Biological Rhythms}, 
  title={Monitoring sleep with a smartphone accelerometer}, 
  year={2012},
  volume={},
  number={},
  doi={}}

@ARTICLE{Acce,
  author={Niu, Weimeng \& Fang, Liqing \& Xu và cộng sự},
  journal={Journal of Computer and Communications}, 
  title={Summary of Research Status and Application of MEMS Accelerometers}, 
  year={2018},
  volume={},
  number={},
  doi={}}

@ARTICLE{4_ngu,
  author={Menon A, Kumar M},
  journal={ISRN Otolaryngol}, 
  title={Influence of body position on severity of obstructive sleep apnea: a systematic review}, 
  year={2013 },
  volume={},
  number={},
  doi={}}

@ONLINE{LIS3DH,
title = {3-axis MEMS accelerometer, ultra-low-power},
year = {},
note = {Available at \url{https://www.st.com/en/mems-and-sensors/lis3dh.html}}
}

@ARTICLE{p_1,
  author={P. Barsocchi, M. Bianchini, A. Crivello và cộng sự},
  journal={IEEE International Conference}, 
  title={An unobtrusive sleep monitoring system for the human sleep behaviour understanding}, 
  year={2016},
  volume={7},
  number={},
  doi={}}

@ARTICLE{p_2,
  author={Kwasnicki, R.M., Crossvà cộng sự},
  journal={Eur J Med Res }, 
  title={A lightweight sensing platform for monitoring sleep quality and posture: a simulated validation study}, 
  year={2018},
  volume={7},
  number={},
  doi={https://doi.org/10.1186/s40001-018-0326-9}}

@ARTICLE{p_3,
  author={I. Yun, J. Jeung, M. Kim},
  journal={Sensors}, 
  title={Ultra-low power wearable infant sleep position sensor }, 
  year={2020},
  volume={7},
  number={},
  doi={}}


@ONLINE{nrf,
title = {Nordic Semiconductor provides technical and support documentation},
year = {},
note = {Available at \url{https://infocenter.nordicsemi.com/index.jsp}}
}
@ONLINE{cortexM4,
title = {Cortex-M4},
year = {},
note = {Available at \url{https://developer.arm.com/Processors/Cortex-M4}}
}

@ONLINE{BLE,
title = {Bluetooth® Core Specification Version 5.3 Feature Enhancements},
year = {},
note = {Available at \url{https://www.bluetooth.com/bluetooth-resources/bluetooth-core-specification-version-5-3-feature-enhancements/}}
}
@ONLINE{Gatt,
title = {Intro to Bluetooth Generic Attribute Profile (GATT)},
year = {},
note = {Available at \url{https://www.bluetooth.com/bluetooth-resources/intro-to-bluetooth-gap-gatt/}}
}

@ONLINE{ada_price,
title = {Circuit Playground Express},
year = {},
note = {Available at \url{https://www.adafruit.com/product/3333}}
}

@ONLINE{ada_overview,
title = {Introducing Circuit Playground},
year = {},
note = {Available at \url{https://learn.adafruit.com/introducing-circuit-playground/overview}}
}

@ARTICLE{allan,
  author={M. B. Marinov, B. Ganev, N. Djermanova and T. D. Tashev},
  journal={IEEE XXVIII International Scientific Conference Electronics (ET)}, 
  title={Analysis of Sensors Noise Performance Using Allan Deviation}, 
  year={2019},
  volume={7},
  number={},
  doi={10.1109/ET.2019.8878552.}}

@ARTICLE{kalman,
  author={Kalman, Rudolph Emil},
  journal={Transactions of the ASME--Journal of Basic Engineering}, 
  title={A New Approach to Linear Filtering and Prediction Problems}, 
  year={1960},
  volume={82},
  number={Series D},
  doi={}}

@ARTICLE{Jeng,
  author={Jeng, P.-Y.; Wang, L.-C.và cộng sự},
  journal={Sensors}, 
  title={A Wrist Sensor Sleep Posture Monitoring System: An Automatic Labeling Approach}, 
  year={2021},
  volume={},
  number={},
  doi={https://doi.org/10.3390/s21010258}}

@ARTICLE{Saha ,
  author={Saha S., Kabir M., Montazeri N.và cộng sự},
  journal={Sleep Medicine }, 
  title={Portable diagnosis of sleep apnea with the validation of individual event detection}, 
  year={2020},
  volume={},
  number={},
  doi={10.1016/j.sleep.2019.12.021}}

@ARTICLE{Syeda,
  author={Syeda Zuriat-e-Zehra Ali, Rida Ashfaq và cộng sự},
  journal={International Conference on Robot Intelligence Technology and Applications (RiTA)}, 
  title={Smart Pillow:Sleep Apnea Monitoring \& Minimization Device}, 
  year={2019 },
  volume={},
  number={},
  doi={}}

@ARTICLE{Uday,
  author={Uday, Sanku \& Satti, Thanuja Pavani và cộng sự},
  journal={arxiv}, 
  title={Classifying Human Activities using Machine Learning and Deep Learning Techniques}, 
  year={2019 },
  volume={},
  number={},
  doi={}}

@ARTICLE{Sang,
  author={Sang, Vu \& Thang, Nguyen \& Vo và cộng sự},
  journal={International Conference on Biomedical Engineering in Vietnam}, 
  title={Human Activity Recognition and Monitoring Using Smartphones}, 
  year={2015},
  volume={},
  number={},
  doi={}}

@ARTICLE{osa_sanchez2025,
  author    = {Osa-Sanchez, Ainhoa and Ramos-Martinez-de-Soria, Javier and Mendez-Zorrilla, Amaia and Ruiz, Ibon Oleagordia and Garcia-Zapirain, Begonya},
  title     = {Wearable Sensors and Artificial Intelligence for Sleep Apnea Detection: A Systematic Review},
  journal   = {Journal of Medical Systems},
  year      = {2025},
  volume    = {49},
  number    = {1},
  pages     = {66},
  doi       = {10.1007/s10916-025-02199-8},
  url       = {https://doi.org/10.1007/s10916-025-02199-8},
  issn      = {1573-689X}
}

@INBOOK{genuer2020random,
  author    = {Genuer, Robin and Poggi, Jean-Michel},
  title     = {Random Forests},
  booktitle = {Applied Mathematics and Data Science},
  year      = {2020},
  pages     = {33--55},
  publisher = {Springer},
  doi       = {10.1007/978-3-030-56485-8_3},
  url       = {https://doi.org/10.1007/978-3-030-56485-8_3}
}

@ARTICLE{wang2023ml_wearable,
  author    = {Wang, Shukun and Xuan, Wenping and Chen, Dan and Li, Yun and Chen, Rui and He, Ming},
  title     = {Machine Learning Assisted Wearable Wireless Device for Sleep Apnea Syndrome Diagnosis},
  journal   = {Biosensors},
  year      = {2023},
  volume    = {13},
  number    = {4},
  pages     = {483},
  doi       = {10.3390/bios13040483},
  url       = {https://doi.org/10.3390/bios13040483},
  issn      = {2079-6374}
}

@ARTICLE{yeo2022respiratory,
  author    = {Yeo, Minhee and Byun, Heejin and Lee, Jaehyuk and Byun, Jihyun and Rhee, Hyung Yoon and Shin, Won and Yoon, Hyungjoon},
  title     = {Respiratory Event Detection During Sleep Using Electrocardiogram and Respiratory Related Signals: Using Polysomnogram and Patch-Type Wearable Device Data},
  journal   = {IEEE Journal of Biomedical and Health Informatics},
  year      = {2022},
  volume    = {26},
  number    = {2},
  pages     = {550--560},
  doi       = {10.1109/JBHI.2021.3098312},
  url       = {https://doi.org/10.1109/JBHI.2021.3098312},
  issn      = {2168-2194}
}

@ARTICLE{parbat2024multiscale,
  author    = {Parbat, Debanjan and Chakraborty, Monisha},
  title     = {Multiscale Entropy Analysis of Single Lead ECG and ECG Derived Respiration for AI-Based Prediction of Sleep Apnea Events},
  journal   = {Biomedical Signal Processing and Control},
  year      = {2024},
  volume    = {87},
  pages     = {105444},
  issn      = {1746-8094},
  doi       = {10.1016/j.bspc.2023.105444},
  url       = {https://www.sciencedirect.com/science/article/pii/S1746809423008777}
}

@ARTICLE{cortes1995svm,
  author    = {Cortes, Corinna and Vapnik, Vladimir},
  title     = {Support-Vector Networks},
  journal   = {Machine Learning},
  year      = {1995},
  volume    = {20},
  number    = {3},
  pages     = {273--297},
  doi       = {10.1007/BF00994018},
  url       = {https://doi.org/10.1007/BF00994018},
  issn      = {0885-6125}
}

@INPROCEEDINGS{jeon2020realtime,
  author    = {Jeon, Yonghwan and Heo, Kwangil and Kang, Sungjun},
  title     = {Real-Time Sleep Apnea Diagnosis Method Using Wearable Device without External Sensors},
  booktitle = {2020 IEEE International Conference on Pervasive Computing and Communications Workshops (PerCom Workshops)},
  year      = {2020},
  pages     = {1--3},
  doi       = {10.1109/PerComWorkshops48775.2020.9156177},
  url       = {https://doi.org/10.1109/PerComWorkshops48775.2020.9156177},
  publisher = {IEEE}
}

@ARTICLE{cunningham2007knn,
  author    = {Cunningham, Padraig and Delany, Sarah},
  title     = {k-Nearest Neighbour Classifiers},
  journal   = {Multiple Classifier Systems},
  year      = {2007},
  volume    = {54},
  doi       = {10.1145/3459665}
}

@INPROCEEDINGS{chen2016xgboost,
  author    = {Chen, Tianqi and Guestrin, Carlos},
  title     = {XGBoost: A Scalable Tree Boosting System},
  booktitle = {Proceedings of the 22nd ACM SIGKDD International Conference on Knowledge Discovery and Data Mining (KDD '16)},
  year      = {2016},
  pages     = {785--794},
  publisher = {ACM},
  doi       = {10.1145/2939672.2939785},
  url       = {https://doi.org/10.1145/2939672.2939785}
}

@ARTICLE{tharwat2017lda,
  author    = {Tharwat, Alaa and Gaber, Tarek and Ibrahim, Abdelhameed and Hassanien, Aboul Ella},
  title     = {Linear Discriminant Analysis: A Detailed Tutorial},
  journal   = {AI Communications},
  year      = {2017},
  volume    = {30},
  number    = {2},
  pages     = {169--190},
  doi       = {10.3233/AIC-170729},
  url       = {https://doi.org/10.3233/AIC-170729},
  issn      = {0921-7126}
}

@ARTICLE{eckert2007csa,
  author    = {Eckert, Danny J. and Jordan, Amy S. and Merchia, Prabhjyot and Malhotra, Atul},
  title     = {Central Sleep Apnea: Pathophysiology and Treatment},
  journal   = {Chest},
  year      = {2007},
  volume    = {131},
  number    = {2},
  pages     = {595--607},
  doi       = {10.1378/chest.06.2287},
  issn      = {0012-3692},
  pmid      = {17296668},
  pmcid     = {PMC2287191},
  month     = {Feb}
}

